@ARTICLE{1674656,
author={Losq, J.},
journal={Computers, IEEE Transactions on},
title={A Highly Efficient Redundancy Scheme: Self-Purging Redundancy},
year={1976},
month={June},
volume={C-25},
number={6},
pages={569-578},
keywords={Convolutions, coverage factors, dormancy factors, mission time, Poisson distribution, reliability, self-purging redundancy, switch.;Computer displays;Costs;Digital systems;Fault detection;Frequency diversity;Helium;Logic functions;Nuclear magnetic resonance;Redundancy;Switches;Convolutions, coverage factors, dormancy factors, mission time, Poisson distribution, reliability, self-purging redundancy, switch.},
doi={10.1109/TC.1976.1674656},
ISSN={0018-9340},}
